@online{ROS, title={ROS},
url={https://www.ros.org/about-ros/}}

@online{STM32CubeIDE, title={STM32CubeIDE},
url={https://www.st.com/en/development-tools/stm32cubeide.html}}

@online{ProtocolBuffers, title={Protocol Buffers},
url={https://developers.google.com/protocol-buffers}}

@online{nanopb, title={nanopb},
url={https://github.com/nanopb/nanopb}}

@online{Pulseview, title={Pulseview},
url={https://sigrok.org/wiki/PulseView}}