@ARTICLE{cross_pid,
author={L. {Feng} and Y. {Koren} and J. {Borenstein}},
journal={IEEE Control Systems Magazine},
title={Cross-coupling motion controller for mobile robots},
year={1993},
volume={13},
number={6},
pages={35-43},
doi={10.1109/37.248002},
ISSN={1941-000X},
month={12}}
                                                                                